<collection xmlns="http://www.loc.gov/MARC21/slim">
<record>
  <leader>01286nam0a22002411i 450 </leader>
  <controlfield tag="001">IT\ICCU\CNCE\035076</controlfield>
  <controlfield tag="005">20091119000000.0</controlfield>
  <datafield tag="012" ind1=" " ind2=" ">
    <subfield code="a">X.I. I.o. niil dada (3) 1581 (Q)</subfield>
    <subfield code="2">fei</subfield>
  </datafield>
  <datafield tag="100" ind1=" " ind2=" ">
    <subfield code="a">19980108f1581        0itac0103    ba</subfield>
  </datafield>
  <datafield tag="101" ind1=" " ind2=" ">
    <subfield code="a">ITA</subfield>
  </datafield>
  <datafield tag="102" ind1=" " ind2=" ">
    <subfield code="a">IT</subfield>
  </datafield>
  <datafield tag="200" ind1="1" ind2=" ">
    <subfield code="a">Supplemento ouero quinto volume delle historie del mondo, di m. Mambrino Roseo da Fabriano. Qual segue la terza parte da lui aggiunta alla notabile Historia di m. Giouanni Tarchagnota</subfield>
  </datafield>
  <datafield tag="210" ind1=" " ind2=" ">
    <subfield code="a">In Venetia</subfield>
    <subfield code="c">per gli eredi di Francesco &amp; Michiel Tramezini</subfield>
    <subfield code="d">\1581?!</subfield>
  </datafield>
  <datafield tag="215" ind1=" " ind2=" ">
    <subfield code="a">\26!, 353 \i.e. 354! c.</subfield>
    <subfield code="d">4ʻ</subfield>
  </datafield>
  <datafield tag="300" ind1=" " ind2=" ">
    <subfield code="a">ANNULLATA  !!!!!   ̈il 5. v. della 35072</subfield>
  </datafield>
  <datafield tag="620" ind1=" " ind2=" ">
    <subfield code="a">IT</subfield>
    <subfield code="d">Venezia</subfield>
  </datafield>
  <datafield tag="700" ind1=" " ind2="1">
    <subfield code="a">Roseo,</subfield>
    <subfield code="b">Mambrino</subfield>
    <subfield code="3">IT\ICCU\CNCA\000153</subfield>
  </datafield>
  <datafield tag="712" ind1="0" ind2="0">
    <subfield code="a">Tramezzino, Francesco - eredi &amp; Tramezzino, Michele &lt;1.&gt; - eredi</subfield>
    <subfield code="3">IT\ICCU\CNCT\000558</subfield>
    <subfield code="4">650</subfield>
  </datafield>
  <datafield tag="790" ind1=" " ind2="1">
    <subfield code="a">Roseo,</subfield>
    <subfield code="b">Mambrino : da#Fabriano</subfield>
    <subfield code="3">IT\ICCU\CNCA\023587</subfield>
    <subfield code="z">Roseo, Mambrino</subfield>
  </datafield>
  <datafield tag="790" ind1=" " ind2="0">
    <subfield code="a">Mambrino</subfield>
    <subfield code="c"> : da#Fabriano</subfield>
    <subfield code="3">IT\ICCU\CNCA\023588</subfield>
    <subfield code="z">Roseo, Mambrino</subfield>
  </datafield>
  <datafield tag="801" ind1=" " ind2="3">
    <subfield code="a">IT</subfield>
    <subfield code="b">ICCU</subfield>
    <subfield code="c">20201114</subfield>
  </datafield>
  <datafield tag="911" ind1=" " ind2=" ">
    <subfield code="a">Sul front.</subfield>
    <subfield code="9">IT\ICCU\CNCM\000723</subfield>
  </datafield>
  <datafield tag="921" ind1=" " ind2=" ">
    <subfield code="a">IT\ICCU\CNCM\000723</subfield>
    <subfield code="b">Sibilla seduta con il braccio destro alzato e sul ginocchio destro un libro aperto tenuto da un putto. A destra un altro putto tiene un libro aperto.</subfield>
    <subfield code="c">Z1079</subfield>
    <subfield code="f">LIBRO</subfield>
    <subfield code="f">SEDUTA</subfield>
    <subfield code="f">SIBILLA</subfield>
    <subfield code="g">1572-[1583?]</subfield>
  </datafield>
</record>
</collection>
